<?xml version="1.0" encoding="UTF-8"?>
<record>
  <leader>01405nam#a2200385#c#4500</leader>
  <controlfield tag="005">20210408121117.0</controlfield>
  <controlfield tag="007">tu</controlfield>
  <controlfield tag="008">950221|1993####xx############|||#|#####c</controlfield>
  <controlfield tag="003">DE-605</controlfield>
  <controlfield tag="001">990110486750206441</controlfield>
  <datafield tag="016" ind1="7" ind2=" ">
    <subfield code="a">1069750599</subfield>
    <subfield code="2">OCoLC</subfield>
  </datafield>
  <datafield tag="020" ind1=" " ind2=" ">
    <subfield code="a">3929961008</subfield>
    <subfield code="9">3-929961-00-8</subfield>
  </datafield>
  <datafield tag="035" ind1=" " ind2=" ">
    <subfield code="a">(DE-605)BT000001048</subfield>
  </datafield>
  <datafield tag="040" ind1=" " ind2=" ">
    <subfield code="a">61/NWBib</subfield>
    <subfield code="b">ger</subfield>
    <subfield code="d">HBZ/Red</subfield>
    <subfield code="e">rakwb</subfield>
  </datafield>
  <datafield tag="084" ind1=" " ind2=" ">
    <subfield code="a">Solingen</subfield>
    <subfield code="0">https://nwbib.de/spatial#Q2942</subfield>
    <subfield code="2">nwbib</subfield>
  </datafield>
  <datafield tag="084" ind1=" " ind2=" ">
    <subfield code="a">Einzelne Hochschullehrer und Wissenschaftler</subfield>
    <subfield code="0">https://nwbib.de/subjects#N797010</subfield>
    <subfield code="2">nwbib</subfield>
  </datafield>
  <datafield tag="100" ind1="1" ind2=" ">
    <subfield code="a">Kremer, Heribert</subfield>
    <subfield code="4">aut</subfield>
  </datafield>
  <datafield tag="245" ind1="1" ind2="0">
    <subfield code="a">Johann Wilhelm Meigen, ein Entomologe von Weltgeltung</subfield>
    <subfield code="b">eine Dokumentation</subfield>
  </datafield>
  <datafield tag="264" ind1=" " ind2="1">
    <subfield code="a">Solingen</subfield>
    <subfield code="b">Stadtsparkasse</subfield>
    <subfield code="c">1993</subfield>
  </datafield>
  <datafield tag="300" ind1=" " ind2=" ">
    <subfield code="a">32 S. : zahlr. Ill.</subfield>
  </datafield>
  <datafield tag="591" ind1=" " ind2=" ">
    <subfield code="a">UB+</subfield>
  </datafield>
  <datafield tag="655" ind1=" " ind2="7">
    <subfield code="a">Biografie</subfield>
    <subfield code="0">(DE-588)4006804-3</subfield>
    <subfield code="2">gnd-content</subfield>
  </datafield>
  <datafield tag="689" ind1="0" ind2="0">
    <subfield code="a">Meigen, Johann Wilhelm</subfield>
    <subfield code="d">1764-1845</subfield>
    <subfield code="D">p</subfield>
    <subfield code="0">(DE-588)189414901</subfield>
  </datafield>
  <datafield tag="689" ind1="1" ind2="0">
    <subfield code="a">Solingen</subfield>
    <subfield code="D">g</subfield>
    <subfield code="0">(DE-588)4055431-4</subfield>
    <subfield code="B">GND-040554317</subfield>
  </datafield>
  <datafield tag="689" ind1="1" ind2="1">
    <subfield code="a">Wissenschaftler</subfield>
    <subfield code="D">s</subfield>
    <subfield code="0">(DE-588)4066567-7</subfield>
  </datafield>
  <datafield tag="689" ind1="2" ind2="0">
    <subfield code="a">Meigen, Johann Wilhelm</subfield>
    <subfield code="d">1764-1845</subfield>
    <subfield code="D">p</subfield>
    <subfield code="0">(DE-588)189414901</subfield>
  </datafield>
  <datafield tag="689" ind1="3" ind2="0">
    <subfield code="a">Entomologe</subfield>
    <subfield code="D">s</subfield>
    <subfield code="0">(DE-588)4262309-1</subfield>
    <subfield code="B">GND-04262309X</subfield>
  </datafield>
  <datafield tag="689" ind1="4" ind2="0">
    <subfield code="a">Wissenschaftler</subfield>
    <subfield code="D">s</subfield>
    <subfield code="0">(DE-588)4066567-7</subfield>
  </datafield>
  <datafield tag="700" ind1="1" ind2=" ">
    <subfield code="a">Meigen, Johann Wilhelm</subfield>
    <subfield code="d">1764-1845</subfield>
    <subfield code="0">(DE-588)100307698</subfield>
    <subfield code="4">ill</subfield>
    <subfield code="0">https://d-nb.info/gnd/100307698</subfield>
    <subfield code="0">http://viaf.org/viaf/54491160</subfield>
    <subfield code="B">GND-100307698</subfield>
  </datafield>
  <datafield tag="960" ind1="1" ind2=" ">
    <subfield code="n">NWBib</subfield>
  </datafield>
  <datafield tag="964" ind1="0" ind2="s">
    <subfield code="F">030</subfield>
    <subfield code="A">a|1uc||||||17</subfield>
  </datafield>
  <datafield tag="964" ind1="0" ind2="s">
    <subfield code="F">050</subfield>
    <subfield code="A">a|||||||||||||</subfield>
  </datafield>
  <datafield tag="964" ind1="0" ind2="s">
    <subfield code="F">051</subfield>
    <subfield code="A">m|||||||</subfield>
  </datafield>
  <datafield tag="035" ind1=" " ind2=" ">
    <subfield code="a">(OCoLC)1069750599</subfield>
  </datafield>
  <datafield tag="035" ind1=" " ind2=" ">
    <subfield code="a">(DE-599)HBZBT000001048</subfield>
  </datafield>
  <datafield tag="MBD" ind1=" " ind2=" ">
    <subfield code="M">49HBZ_NETWORK</subfield>
    <subfield code="i">990110486750206441</subfield>
    <subfield code="n">HBZ Network</subfield>
  </datafield>
  <datafield tag="MBD" ind1=" " ind2=" ">
    <subfield code="M">49HBZ_BRIDGE_SAS</subfield>
    <subfield code="i">9912551307830</subfield>
    <subfield code="n">Stadtarchiv Solingen, Bibliothek</subfield>
  </datafield>
  <datafield tag="MNG" ind1=" " ind2=" ">
    <subfield code="c">System</subfield>
    <subfield code="f">ILS</subfield>
    <subfield code="i">marc21</subfield>
    <subfield code="l">55</subfield>
    <subfield code="k">01</subfield>
    <subfield code="e">false</subfield>
    <subfield code="d">2024-10-05 05:22:16 Europe/Berlin</subfield>
    <subfield code="g">011048675-HBZ01</subfield>
    <subfield code="j">60</subfield>
    <subfield code="a">import</subfield>
    <subfield code="b">2021-04-06 01:45:33 Europe/Berlin</subfield>
  </datafield>
  <datafield tag="H52" ind1="0" ind2=" ">
    <subfield code="b">Z9035</subfield>
    <subfield code="c">kA</subfield>
    <subfield code="h">MA 3264/[1] (b)</subfield>
    <subfield code="8">224874720007830</subfield>
  </datafield>
  <datafield tag="HOL" ind1=" " ind2=" ">
    <subfield code="d">2023-05-20 14:42:51</subfield>
    <subfield code="8">224874720007830</subfield>
    <subfield code="b">2023-05-20 14:42:51</subfield>
    <subfield code="M">49HBZ_BRIDGE_SAS</subfield>
    <subfield code="g">false</subfield>
    <subfield code="a">System</subfield>
    <subfield code="c">System</subfield>
  </datafield>
  <datafield tag="ITM" ind1=" " ind2=" ">
    <subfield code="H">224874720007830</subfield>
    <subfield code="x">kA</subfield>
    <subfield code="f">BOOK</subfield>
    <subfield code="v">kA</subfield>
    <subfield code="p">04</subfield>
    <subfield code="X">System</subfield>
    <subfield code="Y">2010-01-11 01:00:00 Europe/Berlin</subfield>
    <subfield code="n">MA 3264/[1] (b)</subfield>
    <subfield code="M">49HBZ_BRIDGE_SAS</subfield>
    <subfield code="s">1</subfield>
    <subfield code="d">0</subfield>
    <subfield code="V">System</subfield>
    <subfield code="b">keinBarcode</subfield>
    <subfield code="a">234874690007830</subfield>
    <subfield code="c">MA 3264/[1] (b)</subfield>
    <subfield code="B">1993.373</subfield>
    <subfield code="D">20030811</subfield>
    <subfield code="W">2023-05-20 16:42:51 Europe/Berlin</subfield>
    <subfield code="u">Z9035</subfield>
    <subfield code="w">Z9035</subfield>
  </datafield>
  <datafield tag="GST" ind1=" " ind2=" ">
    <subfield code="a">Forscher</subfield>
    <subfield code="A">GND</subfield>
    <subfield code="B">GND-040665674</subfield>
    <subfield code="C">450</subfield>
  </datafield>
  <datafield tag="GST" ind1=" " ind2=" ">
    <subfield code="a">Wissenschaftler</subfield>
    <subfield code="x">Elite</subfield>
    <subfield code="A">GND</subfield>
    <subfield code="B">GND-040665674</subfield>
    <subfield code="C">450</subfield>
  </datafield>
  <datafield tag="GST" ind1=" " ind2=" ">
    <subfield code="a">Wissenschaftliche Elite</subfield>
    <subfield code="A">GND</subfield>
    <subfield code="B">GND-040665674</subfield>
    <subfield code="C">450</subfield>
  </datafield>
  <datafield tag="GSI" ind1="7" ind2=" ">
    <subfield code="a">4066567-7</subfield>
    <subfield code="0">http://d-nb.info/gnd/4066567-7</subfield>
    <subfield code="2">gnd</subfield>
    <subfield code="A">GND</subfield>
    <subfield code="B">GND-040665674</subfield>
    <subfield code="C">024</subfield>
  </datafield>
  <datafield tag="GST" ind1=" " ind2=" ">
    <subfield code="a">Insektenforscher</subfield>
    <subfield code="A">GND</subfield>
    <subfield code="B">GND-04262309X</subfield>
    <subfield code="C">450</subfield>
  </datafield>
  <datafield tag="GSI" ind1="7" ind2=" ">
    <subfield code="a">4262309-1</subfield>
    <subfield code="0">http://d-nb.info/gnd/4262309-1</subfield>
    <subfield code="2">gnd</subfield>
    <subfield code="A">GND</subfield>
    <subfield code="B">GND-04262309X</subfield>
    <subfield code="C">024</subfield>
  </datafield>
  <datafield tag="GSI" ind1="7" ind2=" ">
    <subfield code="a">4055431-4</subfield>
    <subfield code="0">http://d-nb.info/gnd/4055431-4</subfield>
    <subfield code="2">gnd</subfield>
    <subfield code="A">GND</subfield>
    <subfield code="B">GND-040554317</subfield>
    <subfield code="C">024</subfield>
  </datafield>
  <datafield tag="GSI" ind1="7" ind2=" ">
    <subfield code="a">2831580</subfield>
    <subfield code="2">geonames</subfield>
    <subfield code="A">GND</subfield>
    <subfield code="B">GND-040554317</subfield>
    <subfield code="C">024</subfield>
  </datafield>
  <datafield tag="GGN" ind1=" " ind2=" ">
    <subfield code="a">Stadt Solingen</subfield>
    <subfield code="A">GND</subfield>
    <subfield code="B">GND-040554317</subfield>
    <subfield code="C">451</subfield>
  </datafield>
  <datafield tag="GGN" ind1=" " ind2=" ">
    <subfield code="a">Klingenstadt Solingen</subfield>
    <subfield code="A">GND</subfield>
    <subfield code="B">GND-040554317</subfield>
    <subfield code="C">451</subfield>
  </datafield>
  <datafield tag="GGN" ind1=" " ind2=" ">
    <subfield code="a">Salingiacum</subfield>
    <subfield code="9">v:Orbis latinus</subfield>
    <subfield code="A">GND</subfield>
    <subfield code="B">GND-040554317</subfield>
    <subfield code="C">451</subfield>
  </datafield>
  <datafield tag="GSI" ind1="7" ind2=" ">
    <subfield code="a">189414901</subfield>
    <subfield code="0">http://d-nb.info/gnd/189414901</subfield>
    <subfield code="2">gnd</subfield>
    <subfield code="A">GND</subfield>
    <subfield code="B">GND-189414901</subfield>
    <subfield code="C">024</subfield>
  </datafield>
  <datafield tag="GST" ind1=" " ind2=" ">
    <subfield code="a">Forscher</subfield>
    <subfield code="A">GND</subfield>
    <subfield code="B">GND-040665674</subfield>
    <subfield code="C">450</subfield>
  </datafield>
  <datafield tag="GST" ind1=" " ind2=" ">
    <subfield code="a">Wissenschaftler</subfield>
    <subfield code="x">Elite</subfield>
    <subfield code="A">GND</subfield>
    <subfield code="B">GND-040665674</subfield>
    <subfield code="C">450</subfield>
  </datafield>
  <datafield tag="GST" ind1=" " ind2=" ">
    <subfield code="a">Wissenschaftliche Elite</subfield>
    <subfield code="A">GND</subfield>
    <subfield code="B">GND-040665674</subfield>
    <subfield code="C">450</subfield>
  </datafield>
  <datafield tag="GSI" ind1="7" ind2=" ">
    <subfield code="a">4066567-7</subfield>
    <subfield code="0">http://d-nb.info/gnd/4066567-7</subfield>
    <subfield code="2">gnd</subfield>
    <subfield code="A">GND</subfield>
    <subfield code="B">GND-040665674</subfield>
    <subfield code="C">024</subfield>
  </datafield>
  <datafield tag="GSI" ind1="7" ind2=" ">
    <subfield code="a">189414901</subfield>
    <subfield code="0">http://d-nb.info/gnd/189414901</subfield>
    <subfield code="2">gnd</subfield>
    <subfield code="A">GND</subfield>
    <subfield code="B">GND-189414901</subfield>
    <subfield code="C">024</subfield>
  </datafield>
  <datafield tag="GPN" ind1="1" ind2=" ">
    <subfield code="a">Meigen, J. W.</subfield>
    <subfield code="d">1764-1845</subfield>
    <subfield code="A">GND</subfield>
    <subfield code="B">GND-100307698</subfield>
    <subfield code="C">400</subfield>
  </datafield>
  <datafield tag="GPN" ind1="1" ind2=" ">
    <subfield code="a">Meigen, Joh. Wilh.</subfield>
    <subfield code="d">1764-1845</subfield>
    <subfield code="A">GND</subfield>
    <subfield code="B">GND-100307698</subfield>
    <subfield code="C">400</subfield>
  </datafield>
  <datafield tag="GPN" ind1="1" ind2=" ">
    <subfield code="a">Meigen, I. W.</subfield>
    <subfield code="d">1764-1845</subfield>
    <subfield code="A">GND</subfield>
    <subfield code="B">GND-100307698</subfield>
    <subfield code="C">400</subfield>
  </datafield>
  <datafield tag="GPN" ind1="1" ind2=" ">
    <subfield code="a">Meigen, Johannes Wilhelm</subfield>
    <subfield code="d">1764-1845</subfield>
    <subfield code="A">GND</subfield>
    <subfield code="B">GND-100307698</subfield>
    <subfield code="C">400</subfield>
  </datafield>
  <datafield tag="GSI" ind1="7" ind2=" ">
    <subfield code="a">100307698</subfield>
    <subfield code="0">http://d-nb.info/gnd/100307698</subfield>
    <subfield code="2">gnd</subfield>
    <subfield code="A">GND</subfield>
    <subfield code="B">GND-100307698</subfield>
    <subfield code="C">024</subfield>
  </datafield>
</record>
